@inproceedings{afonso2002floresta,
  title={{F}loresta {S}int{\'a}(c)tica: A treebank for Portuguese.},
  author={Susana Afonso and Eckhard Bick and Renato Haber and Diana Santos},
  booktitle={LREC},
  year={2002},
}

@inproceedings{agirre2007semeval,
  title={Semeval-2007 task 02: Evaluating word sense induction and
discrimination systems},
  author={Agirre, Eneko and Soroa, Aitor},
  booktitle={Proceedings of the 4$^{th}$ Intl. Workshop on Semantic
  Evaluations},
  pages={7--12},
  year={2007},
  organization={Association for Computational Linguistics}
}

@inproceedings{akimoto2012macro,
  title={Macro structure and basic methods in the integrated narrative
generation system by introducing narratological knowledge},
  author={Akimoto, Taisuke and Ogata, Takashi},
  booktitle={2012 IEEE 11$^{th}$ Intl. Conf. on Cognitive Informatics and
  Cognitive Computing (ICCI* CC)},
  pages={253--262},
  year={2012},
  organization={IEEE}
}

@inproceedings{apidianaki2011quantitative,
  title={A quantitative evaluation of global word sense induction},
  author={Apidianaki, Marianna and Van de Cruys, Tim},
  booktitle={Intl. Conf. on Intelligent Text Processing and Computational
  Linguistics},
  pages={253--264},
  year={2011},
  organization={Springer},
}

@inproceedings{baptista2012viper,
  Author = {Jorge Baptista},
  Booktitle = {Proceedings of the 31$^{st}$ Intl. Conf. on Lexis and Grammar},
  Keywords = {Portuguese, lexicon-grammar, verb, string},
  Organization = {Universit{\`a} degli Studi di Salerno (Italy)/University of
  South Bohemia in Nov{\'e} Hrady (Czech Republic)},
  Pages = {10-16},
  Title = {{ViPEr: A Lexicon-Grammar of European Portuguese Verbs}},
  Year = {2012}
}

@article{baroni2010distributional,
  title={Distributional memory: A general framework for corpus-based semantics},
  author={Baroni, Marco and Lenci, Alessandro},
  journal={Computational Linguistics},
  volume={36},
  number={4},
  pages={673--721},
  year={2010},
  publisher={MIT Press}
}

@article{baroni2010strudel,
  title={Strudel: A Corpus-Based Semantic Model Based on Properties and Types},
  author={Baroni, Marco and Murphy, Brian and Barbu, Eduard and Poesio,
  Massimo},
  journal={Cognitive science},
  volume={34},
  number={2},
  pages={222--254},
  year={2010},
  publisher={Wiley Online Library}
}

@inproceedings{biemann2006chinese,
  title={{Chinese Whispers}: An Efficient Graph Clustering Algorithm and Its
  Application to Natural Language Processing Problems},
  author={Biemann, Chris},
  booktitle={{Proceedings of the 1$^{st}$ Workshop on Graph-Based Methods for
  Natural Language Processing}},
  pages={73--80},
  year={2006},
  organization={Association for Computational Linguistics},
  acmid = {1654774},
}

@inproceedings{bordag2006word,
  title={Word Sense Induction: Triplet-Based Clustering and Automatic
  Evaluation},
  author={Bordag, Stefan},
  booktitle={Proceedings of the 11$^{th}$ Conf. of the European Chapter of
  the Association for Computational Linguistics},
  pages={137--144},
  year={2006},
}

@inproceedings{brandes2003experiments,
  title={Experiments on graph clustering algorithms},
  author={Brandes, Ulrik and Gaertler, Marco and Wagner, Dorothea},
  booktitle={European Symposium on Algorithms},
  pages={568--579},
  year={2003},
  organization={Springer}
}

@inproceedings{brody2009bayesian,
  title={Bayesian word sense induction},
  author={Brody, Samuel and Lapata, Mirella},
  booktitle={Proceedings of the 12$^{th}$ Conf. of the European Chapter of the
  Association for Computational Linguistics},
  pages={103--111},
  year={2009},
  organization={Association for Computational Linguistics}
}


@inproceedings{bick2006noun,
  title={{Noun Sense Tagging: Semantic Prototype Annotation of a Portuguese
  Treebank}},
  author={Bick, Eckhard},
  booktitle={Proceedings of the 5$^{th}$ Workshop on Treebanks and Linguistic
  Theories},
  pages={127--138},
  year={2006},
}

@inproceedings{bordel2011automatic,
  title={{Automatic Subtitling of the Basque Parliament Plenary Sessions
  Videos}},
  author={Bordel, Germ{\'a}n and Nieto, Silvia and Penagarikano, Mikel and
  Rodr{\'\i}guez, Luis and Varona, Amparo},
  booktitle={INTERSPEECH},
  pages={1613-1616},
  year={2011}
}

@article{cabezudo2015anotaccao,
  title={{Anotação de Sentidos de Verbos em Textos Jornalísticos do Corpus
  CSTNews}},
  author={Cabezudo, Marco and Maziero, Erick and Souza, Jackson and Dias, Márcio
  and Cardoso, Paula and Filho, Pedro and Agostini, Verônica and Nóbrega,
  Fernando and Barros, Cláudia and Di Felippo, Ariani and others},
  journal={Revista de Estudos da Linguagem},
  volume={23},
  number={3},
  pages={797--832},
  year={2015}
}

@MastersThesis{cabrita2014ordenar,
   author = {Viviana Cabrita},
   title  = {Identificar, Ordenar e Relacionar Eventos},
   school = {Instituto Superior Técnico, Universidade de Lisboa},
   year = {2014},
   month = {November},
}

@inproceedings{chen2012clustering,
  title={Clustering sparse graphs},
  author={Chen, Yudong and Sanghavi, Sujay and Xu, Huan},
  booktitle={Advances in neural information processing systems},
  pages={2204--2212},
  year={2012}
}

@inproceedings{collins1999unsupervised,
  title={Unsupervised models for named entity classification},
  author={Collins, Michael and Singer, Yoram},
  booktitle={Proceedings of the Joint SIGDAT Conf. on Empirical Methods in
  Natural Language Processing and Very Large Corpora},
  pages={100--110},
  year={1999},
}

@MastersThesis{correia2015syntax,
  title={Syntax Deep Explorer},
  author={José Correia and Jorge Baptista and Nuno Mamede},
  school={Instituto Superior Técnico, Universidade Técnica de Lisboa},
  year={2015},
  month={November}
}

@inproceedings{correia2016syntax,
  title={Syntax Deep Explorer},
  author={José Correia and Jorge Baptista and Nuno Mamede},
  booktitle={Computational Processing of the Portuguese Language},
  volume={7243},
  pages={189--201},
  isbn="978-3-319-41552-9",
  doi="10.1007/978-3-319-41552-9_19",
  year={2016},
  month={July}
}

@techreport{curran2004distributional,
  title={From distributional to semantic similarity},
  author={Curran, James},
  year={2004},
  institution={University of Edinburgh. College of Science and Engineering.
  School of Informatics.}
}

@inproceedings{di2011clustering,
  title={Clustering web search results with maximum spanning trees},
  author={Di Marco, Antonio and Navigli, Roberto},
  booktitle={Congress of the Italian Association for Artificial Intelligence},
  pages={201--212},
  year={2011},
  organization={Springer Berlin Heidelberg}
}

@MastersThesis{diniz2010conversor,
   author = {Cláudio Diniz},
   title = {Um Conversor baseado em regras de transformação declarativas},
   school = {Instituto Superior Técnico, Universidade Técnica de Lisboa},
   year = {2010},
   month = {October},
}

@article{diniz2010rudrico,
   author = {Cláudio Diniz and Nuno Mamede and João Pereira},
   title = {{RuDriCo2} - a faster disambiguator and segmentation modifier},
   booktitle = {II Simpósio de Informática (INForum)},
   pages = {573-584},
   location = {Universidade do Minho},
   year = {2010},
   month = {September},
}

@inproceedings{dorow2003discovering,
  title={Discovering Corpus-specific Word Senses},
  author={Dorow, Beate and Widdows, Dominic},
  booktitle={Proceedings of the 10$^{th}$ Conf. on European Chapter of the
  Association for Computational Linguistics},
  pages={79--82},
  volume = {2},
  year={2003},
  organization={Association for Computational Linguistics}
}

@article{dorow2004using,
  title={Using Curvature and Markov Clustering in Graphs for Lexical Acquisition
  and Word Sense Discrimination},
  author={Dorow, Beate and Widdows, Dominic and Ling, Katarina and Eckmann,
  Jean-Pierre and Sergi, Danilo and Moses, Elisha},
  journal={arXiv preprint cond-mat/0403693},
  year={2004}
}

@article{dunning1993accurate,
  title={Accurate methods for the statistics of surprise and coincidence},
  author={Dunning, Ted},
  journal={Computational linguistics},
  volume={19},
  number={1},
  pages={61--74},
  year={1993},
  month={March},
  publisher={MIT Press},
  acmid = {972454},
  issn = {0891-2017},
}

@book{han2000data,
 author = {Han, Jiawei and Kamber, Micheline},
 title = {Data Mining: Concepts and Techniques},
 year = {2000},
 isbn = {1-55860-489-8},
 publisher = {Morgan Kaufmann Publishers Inc.},
 address = {San Francisco, CA, USA},
}

@article{harris1954distributional,
  title={Distributional structure},
  author={Harris, Zellig S},
  journal={Word},
  volume={10},
  number={2-3},
  pages={146--162},
  year={1954},
  publisher={Taylor \& Francis}
}

@inproceedings{hope2013maxmax,
  title={{MaxMax}: A Graph-based Soft Clustering Algorithm Applied to {Word
  Sense Induction}},
  author={Hope, David and Keller, Bill},
  booktitle={Proceedings of the 14$^{th}$ Intl. Conf. on Computational
  Linguistics and Intelligent Text Processing},
  volume={1},
  pages={368--381},
  year={2013},
  organization={Springer}
}

@article{hope2013uos,
  author = {David Hope and Bill Keller},
  title = {{UoS: a graph-based system for graded word sense induction}},
  booktitle = {2$^{nd}$ Joint Conf. on Lexical and Computational Semantics
  (* SEM)},
  publisher = {The Association for Computational Linguistics},
  pages = {689--694},
  volume={2},
  month={June},
  year = {2013},
}

@inproceedings{hovy2006ontonotes,
  title={{OntoNotes}: The 90\% Solution},
  author={Hovy, Eduard and Marcus, Mitchell and Palmer, Martha and Ramshaw,
Lance and Weischedel, Ralph},
  booktitle={Proceedings of the Human Language Technology Conf. of the
  NAACL, Companion Volume: Short Papers},
  pages={57--60},
  year={2006},
  organization={Association for Computational Linguistics}
}

@online{james2014data,
  title={Data never sleeps 2.0},
  author={James, Josh},
  url = {https://www.domo.com/blog/2014/04/data-never-sleeps-2-0/},
  urldate = {2016-10-11},
  year={2014}
}

@online{james2016data,
  title={Data never sleeps 4.0},
  author={James, Josh},
  url = {https://www.domo.com/blog/2016/06/{\allowbreak}data-never-sleeps-4-0/},
  urldate = {2016-10-11},
  year={2016}
}

@inproceedings{jurgens2010hermit,
  title={{HERMIT}: Flexible Clustering for the {{SemEval-2 WSI}} Task},
  author={Jurgens, David and Stevens, Keith},
  booktitle={Proceedings of the 5$^{th}$ Intl. Workshop on Semantic
  Evaluation},
  pages={359--362},
  year={2010},
  publisher = {Association for Computational Linguistics},
}

@inproceedings{jurgens2013semeval,
  title={{SemEval-2013 Task 13: Word Sense Induction for Graded and Non-Graded
  Senses}},
  author={Jurgens, David and Klapaftis, Ioannis},
  booktitle={2$^{nd}$ Joint Conf. on Lexical and Computational Semantics
  (* SEM)},
  pages={290--299},
  volume={2},
  publisher = {The Association for Computational Linguistics},
  year={2013},
}

@inproceedings{kanerva2000random,
  title={Random indexing of text samples for latent semantic analysis},
  author={Kanerva, Pentti and Kristofersson, Jan and Holst, Anders},
  booktitle={Proceedings of the 22$^{nd}$ Annual Conf. of the Cognitive
  Science Society},
  volume={1036},
  year={2000},
}

@inproceedings{klapaftis2008word,
  title={Word Sense Induction Using Graphs of Collocations.},
  author={Klapaftis, Ioannis and Manandhar, Suresh},
  booktitle={Proceedings of the 2008 Conf. on ECAI 2008: 18$^{th}$ European
  Conf. on Artificial Intelligence},
  pages={298--302},
  year={2008}
}

@inproceedings{klapaftis2010taxonomy,
  title={Taxonomy learning using word sense induction},
  author={Klapaftis, Ioannis and Manandhar, Suresh},
  booktitle={Human Language Technologies: The 2010 Annual Conf. of the
North American Chapter of the Association for Computational Linguistics},
  pages={82--90},
  year={2010},
  organization={Association for Computational Linguistics}
}

@inproceedings{korkontzelos2010uoy,
  title={{UoY}: Graphs of Unambiguous Vertices for Word Sense Induction and Disambiguation},
  author={Korkontzelos, Ioannis and Manandhar, Suresh},
  booktitle={Proceedings of the 5$^{th}$ Intl. Workshop on Semantic Evaluation},
  pages={355--358},
  year={2010},
  organization={Association for Computational Linguistics},
  acmid = {1859743},
}

@inproceedings{lee2002empirical,
  title={An empirical evaluation of knowledge sources and learning algorithms
for word sense disambiguation},
  author={Lee, Yoong Keok and Ng, Hwee Tou},
  booktitle={Proceedings of the {ACL-02} Conf. on Empirical methods in
natural language processing-Volume 10},
  pages={41--48},
  year={2002},
  organization={Association for Computational Linguistics}
}

@inproceedings{levy2014dependency,
  title  = {Dependency-Based Word Embeddings},
  author = {Levy, Omer and Goldberg, Yoav},
  booktitle = {Proceedings of the The  52$^{nd}$ Annual Meeting of the Association
  for Computational Linguistics},
  volume = {2},
  pages  = {302--308},
  year   = {2014},
  month  = {June},
  organization = {ACL},
}

@inproceedings{lin1998automatic,
  title={Automatic retrieval and clustering of similar words},
  author={Lin, Dekang},
  booktitle={Proceedings of the 17$^{th}$ Intl. Conf. on Computational
linguistics-Volume 2},
  pages={768--774},
  year={1998},
  organization={Association for Computational Linguistics}
}

@inproceedings{lin2004path,
  title={A Path-based Transfer Model for Machine Translation},
  author={Lin, Dekang},
  booktitle={Proceedings of the 20$^{th}$ Intl. Conf. on Computational Linguistics},
  pages={625-630},
  year={2004},
  publisher = {Association for Computational Linguistics},
}

@inproceedings{mamede2012string,
  title={{STRING}: A hybrid statistical and rule-based natural language
processing chain for {P}ortuguese},
  author={Mamede, Nuno and Baptista, Jorge and Diniz, Cl{\'a}udio and
Cabarr{\~a}o, Vera},
  booktitle = {Demo PROPOR},
  url= {http://www.propor2012.org/demos/DemoSTRING.pdf},
  year={2012},
}

@inproceedings{manandhar2009semeval,
  title={{SemEval-2010} task 14: Evaluation setting for word sense induction \& disambiguation systems},
  author={Manandhar, Suresh and Klapaftis, Ioannis},
  booktitle={Proceedings of the Workshop on Semantic Evaluations: Recent Achievements and Future Directions},
  pages={117--122},
  year={2009},
  organization={Association for Computational Linguistics}
}

@inproceedings{manandhar2010semeval,
  title={{SemEval-2010} task 14: Word sense induction \& disambiguation},
  author={Manandhar, Suresh and Klapaftis, Ioannis and Dligach, Dmitriy and Pradhan, Sameer},
  booktitle={Proceedings of the 5$^{th}$ Intl. Workshop on Semantic Evaluation},
  pages={63--68},
  year={2010},
  organization={Association for Computational Linguistics}
}

@MastersThesis{marques2013anaphora,
   author = {João Marques},
   title  = {Anaphora Resolution in Portuguese: An Hybrid Approach},
   school = {Instituto Superior Técnico, Universidade Técnica de Lisboa},
   year = {2013},
   month = {November},
}

@MastersThesis{mauricio2011normalizacao,
   author = {Andreia Maurício},
   title = {Identificação, Classificação e Normalização de Expressões
Temporais},
   school = {Instituto Superior Técnico, Universidade Técnica de Lisboa},
   year = {2011},
   month = {November},
}

@article{mikolov2013efficient,
  title  = {Efficient Estimation of Word Representations in Vector Space},
  author = {Tomas Mikolov and Kai Chen and Greg S. Corrado and Jeffrey Dean},
  journal= {Workshop of the Intl. Conf. on Learning Representations 2013},
  year   = {2013},
  month  = {January},
  url    = {http://arxiv.org/abs/1301.3781},
}

@article{moro2014entity,
  title={Entity linking meets word sense disambiguation: a unified approach},
  author={Andrea Moro and Alessandro Raganato and Roberto Navigli},
  journal={Transactions of the Association for Computational Linguistics},
  volume={2},
  pages={231--244},
  year={2014}
}

@article{nasiruddin2013state,
  title={A state of the art of word sense induction: A way towards word sense
disambiguation for under-resourced languages},
  author={Nasiruddin, Mohammad},
  journal={arXiv preprint arXiv:1310.1425},
  year={2013}
}

@article{navigli2009word,
  title={Word sense disambiguation: A survey},
  author={Navigli, Roberto},
  journal={ACM Computing Surveys (CSUR)},
  volume={41},
  number={2},
  @pages={10},
  note = {art. 10},
  year={2009},
  publisher={ACM}
}

@inproceedings{neale2016lexical,
  title={{Lexical Semantics Annotation for Enriched Portuguese Corpora}},
  author={Neale, Steven and Pereira, Rita and Silva, João and Branco, António},
  booktitle={Proceedings of the 12$^{th}$ Intl. Conf. on Computational
  Processing of the Portuguese Language, PROPOR},
  pages={296--305},
  year={2016},
  organization={Springer Intl. Publishing},
  isbn={978-3-319-41552-9},
  doi={10.1007/978-3-319-41552-9_30},
}

@inproceedings{panchenko2016noun,
  title={{Noun Sense Induction and Disambiguation using Graph-Based
  Distributional Semantics}},
  author={Panchenko, Alexander and Simon, Johannes and Riedl, Martin and
  Biemann, Chris},
  booktitle={Proceedings of the 13$^{th}$ Conf. on Natural Language Processing
  (KONVENS)},
  pages={192--202},
  year={2016},
  month={September},
  organization={BLA},
}

@inproceedings{pantel2002discovering,
  title={Discovering word senses from text},
  author={Pantel, Patrick and Lin, Dekang},
  booktitle={Proceedings of the 8$^{th}$ ACM SIGKDD Intl. Conf. on
  Knowledge Discovery and Data Mining},
  pages={613--619},
  year={2002},
  organization={ACM}
}

@phdthesis{pantel2003clustering,
  title={Clustering by committee},
  author={Pantel, Patrick},
  advisor = {Lin, Dekang},
  year={2003},
  school = {University of Alberta},
  isbn = {0-612-82151-X},
}

@article{pilehvar2015senses,
  title={From senses to texts: An all-in-one graph-based approach for measuring
semantic similarity},
  author={Pilehvar, Mohammad Taher and Navigli, Roberto},
  journal={Artificial Intelligence},
  volume={228},
  pages={95--128},
  year={2015},
  publisher={Elsevier}
}

@MastersThesis{policarpo2015semantic,
  title={Semantic Classification of Nouns},
  author={Rita Policarpo},
  school = {Instituto Superior Técnico, Universidade de Lisboa},
  year={2015},
  month = {June},
}

@MastersThesis{ribeiro2003anotacao,
   author = {Ricardo Ribeiro},
   title = {Anotação Morfossintáctica Desambiguada do Português},
   school = {Instituto Superior Técnico, Universidade Técnica de Lisboa},
   year = {2003},
   month = {March},
}

@inproceedings{rocha2000cetempublico,
  title={{CETEMP}{\'u}blico: Um corpus de grandes dimens{\~o}es de linguagem
  jornal{\'\i}stica portuguesa},
  author={Rocha, Paulo and Santos, Diana},
  booktitle={Actas do V Encontro para o processamento computacional da l{\'\i}ngua
  portuguesa escrita e falada, PROPOR},
  volume={2000},
  pages={131--140},
  year={2000}
}

@inproceedings{rodrigues2016lxdsemvec,
  title  = {LX-DSemVectors: Distributional Semantics Models for Portuguese},
  author = {Rodrigues, João and Branco, António and Neale, Steven and Silva,
  João},
  booktitle = {Proceedings of the 12th Intl. Conf. on Computational Processing
  of the Portuguese Language, PROPOR},
  volume = {9727},
  pages  = {259--270},
  year   = {2016},
  month  = {July},
  publisher = {Springer International Publishing},
}

@inproceedings{rosenberg2007v,
  title     = {{V}-Measure: A Conditional Entropy-Based External Cluster
  Evaluation Measure},
  author    = {Rosenberg, Andrew  and  Hirschberg, Julia},
  booktitle = {Proceedings of the 2007 Joint Conf. on Empirical Methods in
  Natural Language Processing and Computational Natural Language Learning
  (EMNLP-CoNLL)},
  month     = {June},
  year      = {2007},
  pages     = {410--420},
  publisher = {Association for Computational Linguistics},
}

@inproceedings{sahlgren2005introduction,
  title={An Introduction to Random Indexing},
  author={Sahlgren, Magnus},
  booktitle={Methods and Applications of Semantic Indexing at the 7$^{th}$
  Intl. Conf. on Terminology and Knowledge Engineering, TKE},
  volume={5},
  year={2005}
}

@inproceedings{sima2006np,
  title={On the {NP}-completeness of some graph cluster measures},
  author={{\v{S}}{\'\i}ma, Ji{\v{r}}{\'\i} and Schaeffer, Satu},
  booktitle={Intl. Conf. on Current Trends in Theory and Practice
of Computer Science},
  pages={530--537},
  year={2006},
  organization={Springer}
}

@inproceedings{sinha2007unsupervised,
  title={Unsupervised Graph-basedWord Sense Disambiguation Using Measures of
Word Semantic Similarity.},
  author={Sinha, Ravi and Mihalcea, Rada},
  booktitle={ICSC},
  volume={7},
  pages={363--369},
  year={2007}
}

@inproceedings{specia2004modelo,
  title={Um Modelo para a Desambigua{\c{c}}{\~a}o Lexical de Sentido na
Tradu{\c{c}}{\~a}o Autom{\'a}tica},
  author={Specia, Lucia and Nunes, Maria das Gra{\c{c}}as Volpe},
  booktitle={WTDIA-Workshop de Teses e Disserta{\c{c}}{\~o}es em
Intelig{\^e}ncia Artificial-XVII SBIA. September},
  year={2004}
}

@article{tripodi2016game,
  title={A Game-Theoretic Approach to Word Sense Disambiguation},
  author={Tripodi, Rocco and Pelillo, Marcello},
  journal={Computational Linguistics},
  pages={1--62},
  year={2016},
  month={December},
  day={14},
  publisher={MIT Press},
  note={Just Accepted publication},
}

@article{turney2010frequency,
  title={From frequency to meaning: Vector space models of semantics},
  author={Turney, Peter and Pantel, Patrick and others},
  journal={Journal of artificial intelligence research},
  volume={37},
  number={1},
  pages={141--188},
  year={2010}
}

@inproceedings{van2010mining,
  title={Mining for Meaning: The Extraction of Lexico-semantic Knowledge from
Text},
  author={Van, Tim},
  journal={Groningen Dissertations in Linguistics},
  volume={82},
  year={2010}
}

@article{veronis2004hyperlex,
  title={Hyperlex: lexical cartography for information retrieval},
  author={V{\'e}ronis, Jean},
  journal={Computer Speech \& Language},
  volume={18},
  number={3},
  pages={223--252},
  year={2004},
  publisher={Elsevier}
}

@MastersThesis{vicente2013lexman,
   author = {Alexandre Vicente},
   title  = {LexMan: um Segmentador e Analisador Morfológico com Transdutores},
   school = {Instituto Superior Técnico, Universidade Técnica de Lisboa},
   year = {2013},
   month = {June},
}

@inproceedings{wang2011a,
 author = {Wang, Dong and Liu, Yang},
 title = {A Pilot Study of Opinion Summarization in Conversations},
  booktitle={Proceedings of the 49$^{th}$ Annual Meeting of the Association for
  Computational Linguistics: Tutorial Abstracts of ACL 2011},
 year = {2011},
 location = {Portland, Oregon},
 pages = {331--339},
 numpages = {9},
 publisher = {Association for Computational Linguistics},
}

@inproceedings{widdows2002graph,
  title={A graph model for unsupervised lexical acquisition},
  author={Widdows, Dominic and Dorow, Beate},
  booktitle={Proceedings of the 19$^{th}$ Intl. Conf. on Computational
Linguistics},
  volume={1},
  pages={1--7},
  year={2002},
 doi = {10.3115/1072228.1072342},
 acmid = {1072342},
 publisher = {Association for Computational Linguistics},
}

@article{zhao2005hierarchical,
  title={Hierarchical Clustering Algorithms for Document Datasets},
  author={Zhao, Ying and Karypis, George and Fayyad, Usama},
  journal={Data Mining and Knowledge Discovery},
  volume={10},
  number={2},
  pages={141--168},
  year={2005},
}
